@article{Demsar2016BalancedMixture,
    title = {{A Balanced Mixture of Antagonistic Pressures Promotes the Evolution of Parallel Movement}},
    year = {2016},
    journal = {Scientific Reports},
    author = {Dem{\v{s}}ar, Jure and {\v{S}}trumbelj, Erik and Lebar Bajec, Iztok},
    volume = {6},
    doi = {10.1038/srep39428}
}

@article{Demsar2017LinguisticEvolution,
    title = {{Evolution of Collective Behaviour in an Artificial World Using Linguistic Fuzzy Rule-Based Systems}},
    year = {2017},
    journal = {PLoS ONE},
    author = {Dem{\v{s}}ar, Jure and Lebar Bajec, Iztok},
    number = {1},
    pages = {1--20},
    volume = {12},
    doi = {10.1371/journal.pone.0168876}
}

@misc{brown2020languagemodelsfewshotlearners,
      title={Language Models are Few-Shot Learners}, 
      author={Tom B. Brown and Benjamin Mann and Nick Ryder and Melanie Subbiah and Jared Kaplan and Prafulla Dhariwal and Arvind Neelakantan and Pranav Shyam and Girish Sastry and Amanda Askell and Sandhini Agarwal and Ariel Herbert-Voss and Gretchen Krueger and Tom Henighan and Rewon Child and Aditya Ramesh and Daniel M. Ziegler and Jeffrey Wu and Clemens Winter and Christopher Hesse and Mark Chen and Eric Sigler and Mateusz Litwin and Scott Gray and Benjamin Chess and Jack Clark and Christopher Berner and Sam McCandlish and Alec Radford and Ilya Sutskever and Dario Amodei},
      year={2020},
      eprint={2005.14165},
      archivePrefix={arXiv},
      primaryClass={cs.CL},
      url={https://arxiv.org/abs/2005.14165}, 
}

@inproceedings{devlin-etal-2019-bert,
    title = "{BERT}: Pre-training of Deep Bidirectional Transformers for Language Understanding",
    author = "Devlin, Jacob  and
      Chang, Ming-Wei  and
      Lee, Kenton  and
      Toutanova, Kristina",
    editor = "Burstein, Jill  and
      Doran, Christy  and
      Solorio, Thamar",
    booktitle = "Proceedings of the 2019 Conference of the North {A}merican Chapter of the Association for Computational Linguistics: Human Language Technologies, Volume 1 (Long and Short Papers)",
    month = jun,
    year = "2019",
    address = "Minneapolis, Minnesota",
    publisher = "Association for Computational Linguistics",
    url = "https://aclanthology.org/N19-1423/",
    doi = "10.18653/v1/N19-1423",
    pages = "4171--4186",
}

@Article{Liu2025,
author={Liu, Shipeng
and Wang, Xingjian},
title={An improved transformer based traffic flow prediction model},
journal={Scientific Reports},
year={2025},
month={Mar},
day={10},
volume={15},
number={1},
pages={8284},
issn={2045-2322},
doi={10.1038/s41598-025-92425-7},
url={https://doi.org/10.1038/s41598-025-92425-7}
}

@article{wan2020empoweringrealtimetraffic,
author = {Wan, Xiangpeng and Lucic, Michael and Ghazzai, Hakim and Massoud, Yehia},
year = {2020},
month = {01},
pages = {159-175},
title = {Empowering Real-Time Traffic Reporting Systems With NLP-Processed Social Media Data},
volume = {1},
journal = {IEEE Open Journal of Intelligent Transportation Systems},
doi = {10.1109/OJITS.2020.3024245}
}

@misc{ouyang2024trafficgptmultiscaletrafficanalysis,
      title={TrafficGPT: Towards Multi-Scale Traffic Analysis and Generation with Spatial-Temporal Agent Framework}, 
      author={Jinhui Ouyang and Yijie Zhu and Xiang Yuan and Di Wu},
      year={2024},
      eprint={2405.05985},
      archivePrefix={arXiv},
      primaryClass={cs.LG},
      url={https://arxiv.org/abs/2405.05985}, 
}

@misc{ferreira2019neuraldatatotextgenerationcomparison,
      title={Neural data-to-text generation: A comparison between pipeline and end-to-end architectures}, 
      author={Thiago Castro Ferreira and Chris van der Lee and Emiel van Miltenburg and Emiel Krahmer},
      year={2019},
      eprint={1908.09022},
      archivePrefix={arXiv},
      primaryClass={cs.CL},
      url={https://arxiv.org/abs/1908.09022}, 
}

@misc{puduppully2019datatotextgenerationentitymodeling,
      title={Data-to-text Generation with Entity Modeling}, 
      author={Ratish Puduppully and Li Dong and Mirella Lapata},
      year={2019},
      eprint={1906.03221},
      archivePrefix={arXiv},
      primaryClass={cs.CL},
      url={https://arxiv.org/abs/1906.03221}, 
}

@misc{hari2024curriculumlearningcrosslingualdatatotext,
      title={Curriculum Learning for Cross-Lingual Data-to-Text Generation With Noisy Data}, 
      author={Kancharla Aditya Hari and Manish Gupta and Vasudeva Varma},
      year={2024},
      eprint={2412.13484},
      archivePrefix={arXiv},
      primaryClass={cs.CL},
      url={https://arxiv.org/abs/2412.13484}, 
}

@article{zhang2025data,
  title={Data augmented large language models for medical record generation},
  author={Zhang, Xuanyi and Zhao, Genghong and Ren, Yi and Wang, Weiguang and Cai, Wei and Zhao, Yan and Zhang, Xia and Liu, Jiren},
  journal={Applied Intelligence},
  volume={55},
  number={2},
  pages={1--22},
  year={2025},
  publisher={Springer}
}

@inproceedings{Vres2024Generative,
  author    = {Domen Vre{\v{s}} and Martin Bo{\v{z}}i{\v{c}} and Alja{\v{z}} Poto{\v{c}}nik and Toma{\v{z}} Martin{\v{c}}i{\v{c}} and Marko Robnik-{\v{S}}ikonja},
  title     = {Generative Model for Less-Resourced Language with 1 Billion Parameters},
  booktitle = {Proceedings of the Conference on Language Technologies and Digital Humanities},
  year      = {2024},
  address   = {Ljubljana, Slovenia},
  publisher = {Znanstvena založba Filozofske fakultete, Univerza v Ljubljani},
  url       = {https://www.sdjt.si/wp/wp-content/uploads/2024/09/JT-DH-2024_Vres_Bozic_Potocnik_Martincic_Robnik.pdf}
}

@misc{CommonCrawlLanguages,
  author       = {{Common Crawl}},
  title        = {Common Crawl Language Statistics},
  year         = {2023},
  url          = {https://commoncrawl.github.io/cc-crawl-statistics/plots/languages},
  note         = {Accessed: 2025-03-21}
}

@misc{GaMS1BChat,
  author       = {Domen Vreš and Martin Božič and Aljaž Potočnik and Tomaž Martinčič and Iztok Lebar Bajec and Timotej Petrič and Marko Robnik-Šikonja},
  title        = {{GaMS-1B-Chat}: Generative Model for Slovene},
  year         = {2024},
  howpublished = {\url{https://huggingface.co/cjvt/GaMS-1B-Chat}},
  note         = {University of Ljubljana and XLAB. Instruction-tuned version of GaMS developed within the PoVeJMo research program.}
}
